<?xml version="1.0" encoding="UTF-8"?><collection xmlns="http://www.loc.gov/MARC21/slim"><record><leader>00489nam--2200145-i-4500</leader><controlfield tag="001">000015745</controlfield><controlfield tag="002">20161230</controlfield><controlfield tag="005">20170305212337</controlfield><controlfield tag="008">060222s1000------------r-----000-0-eng-d</controlfield><datafield ind1=" " ind2=" " tag="100"><subfield code="a">Buncsak, Oskar</subfield></datafield><datafield ind1=" " ind2=" " tag="245"><subfield code="a">Zur propadeutik der transzendentalen psychologie nach ansatzen von Johann Gottlieb fichte. Historisch systematische untersuchung</subfield><subfield code="b">dissertation</subfield></datafield><datafield ind1=" " ind2=" " tag="260"><subfield code="a">Munchen</subfield><subfield code="b">Ludwig-Maximilians-Universitat</subfield><subfield code="c">1983</subfield></datafield><datafield ind1=" " ind2=" " tag="300"><subfield code="a">IX + 202 p</subfield></datafield><datafield ind1=" " ind2=" " tag="852"><subfield code="a">1(043)</subfield></datafield><datafield ind1=" " ind2=" " tag="CAT"><subfield code="a">SYS</subfield><subfield code="c">20170305</subfield><subfield code="h">212337</subfield></datafield></record></collection>